<record><leader>00000cas a22000007a 4500</leader><controlfield tag="001">23285276</controlfield><controlfield tag="008">910322d190519uumaudn ne      0    0eng d</controlfield><datafield ind1=" " ind2=" " tag="010"><subfield code="a">sn 89062602 </subfield></datafield><datafield ind1=" " ind2=" " tag="040"><subfield code="a">MGN</subfield><subfield code="b">eng</subfield><subfield code="c">MGN</subfield><subfield code="d">NYS</subfield><subfield code="d">MGN</subfield><subfield code="d">NYS</subfield><subfield code="d">CNW</subfield><subfield code="d">OCLCQ</subfield></datafield><datafield ind1=" " ind2=" " tag="042"><subfield code="a">msc</subfield></datafield><datafield ind1="0" ind2=" " tag="130"><subfield code="a">Evening union (Springfield, Mass.)</subfield></datafield><datafield ind1="1" ind2="4" tag="245"><subfield code="a">The evening union.</subfield></datafield><datafield ind1=" " ind2=" " tag="260"><subfield code="a">Springfield, Mass. :</subfield><subfield code="b">[s.n.],</subfield><subfield code="c">1905-</subfield></datafield><datafield ind1=" " ind2=" " tag="300"><subfield code="a">v.</subfield></datafield><datafield ind1=" " ind2=" " tag="310"><subfield code="a">Daily (except Sunday)</subfield></datafield><datafield ind1="0" ind2=" " tag="362"><subfield code="a">Vol. 42, no. 63 (Mar. 7, 1905)-</subfield></datafield><datafield ind1=" " ind2="4" tag="651"><subfield code="a">Springfield (Mass.)</subfield><subfield code="v">Newspapers.</subfield></datafield><datafield ind1=" " ind2=" " tag="752"><subfield code="a">United States</subfield><subfield code="b">Massachusetts</subfield><subfield code="c">Hampden</subfield><subfield code="d">Springfield.</subfield></datafield><datafield ind1="0" ind2=" " tag="775"><subfield code="t">Springfield union (Springfield, Mass. : 1896 : Morning ed.)</subfield><subfield code="w">(DLC)sn 83045603</subfield></datafield><datafield ind1="0" ind2="0" tag="780"><subfield code="t">Springfield union (Springfield, Mass. : 1896 : Evening ed.)</subfield><subfield code="w">(DLC)sn 89062601</subfield></datafield><datafield ind1="0" ind2="0" tag="785"><subfield code="t">Springfield evening union (Springfield, Mass. : 1931)</subfield><subfield code="w">(DLC)sn 91066544</subfield><subfield code="w">(OCoLC)23818562</subfield></datafield><datafield ind1="1" ind2=" " tag="029"><subfield code="a">AU@</subfield><subfield code="b">000025851806</subfield></datafield></record>